<?xml version="1.0" encoding="UTF-8"?><record xmlns="http://www.loc.gov/MARC21/slim" xmlns:cinclude="http://apache.org/cocoon/include/1.0" xmlns:zs="http://www.loc.gov/zing/srw/">
  <leader>00389nz  a2200121n  4500</leader>
  <controlfield tag="001">n  96122626 </controlfield>
  <controlfield tag="003">DLC</controlfield>
  <controlfield tag="005">19961223100443.4</controlfield>
  <controlfield tag="008">961223n| acannaab|          |n aaa |||  </controlfield>
  <datafield tag="010" ind1=" " ind2=" ">
    <subfield code="a">n  96122626 </subfield>
  </datafield>
  <datafield tag="040" ind1=" " ind2=" ">
    <subfield code="a">DLC</subfield>
    <subfield code="c">DLC</subfield>
  </datafield>
  <datafield tag="100" ind1="1" ind2="0">
    <subfield code="a">Szeghalmi, Eleme패r,</subfield>
    <subfield code="d">1929-</subfield>
  </datafield>
  <datafield tag="670" ind1=" " ind2=" ">
    <subfield code="a">His Ambrus Zolta패nto패l Gyurkovics Tiborig, 1995?:</subfield>
    <subfield code="b">t.p. (Szeghalmi Eleme패r) p. 4 cover (b. 1929, lit. historian, reporter)</subfield>
  </datafield>
</record>